@book{jechset,
  author = {Jech, Thomas},
  year = {2003},
  title = {Set Theory: The Third Millennium Edition, revised and expanded},
  publisher = {Springer Berlin, Heidelberg}
}
